Automatically generated by Mendeley 1.5.2
Any changes to this file will be lost if it is regenerated by Mendeley.

@article{Hsieh2006,
author = {Hsieh, M and Wang, T and Tsai, C and Tseng, C},
doi = {10.1016/j.ins.2005.02.009},
issn = {00200255},
journal = {Information Sciences},
month = may,
number = {9},
pages = {1241--1265},
title = {{Stateful session handoff for mobile WWW}},
url = {http://linkinghub.elsevier.com/retrieve/pii/S0020025505000903},
volume = {176},
year = {2006}
}
@article{Song,
author = {Song, Henry and Chu, Hao-hua and Kurakake, Shoji and Jose, San},
journal = {Communications},
keywords = {browser session mobility,bspm plug-in and bspm,contains 2 modules,figure 1,infrastructure is shown in,it,personal mobility,proxy,proxy server,the bspm,the design of bspm},
title = {{Browser Session Preservation and Migration}}
}
@article{Canfora2005,
author = {Canfora, G and Santo, G Di and Venturi, G},
isbn = {0769523757},
journal = {and Services, 2005.},
title = {{Proxy-based hand-off of Web sessions for user mobility}},
url = {http://ieeexplore.ieee.org/xpls/abs\_all.jsp?arnumber=1541016},
year = {2005}
}
@misc{FirefoxMobile,
title = {{Firefox Mobile}},
url = {http://www.mozilla.org/mobile/}
}
@misc{FirefoxARMv6,
title = {{Firefox/Fennec for Android ARMv6}},
url = {http://forum.xda-developers.com/showthread.php?t=1643785}
}
@misc{MDNObserver,
title = {{Observer Notifications}},
url = {https://developer.mozilla.org/en/Observer_Notifications#IO_Notifications}
}
@misc{Morphone,
title = {{Morphone.OS - A Context-Aware Android-Based Mobile Operating System}},
url = {http://morphone.elet.polimi.it/}
}
@misc{BaseTag,
title = {{W3C - HTML/Elements/base}},
url = {http://www.w3.org/wiki/HTML/Elements/base}
}

